@article{biswas2019cornet,
  title={CorNET: Deep learning framework for PPG-based heart rate estimation and biometric identification in ambulant environment},
  author={Biswas, Dwaipayan and Everson, Luke and Liu, Muqing and Panwar, Madhuri and Verhoef, BramErnst and Patki, Shrishail and Kim, Chris H and Acharyya, Amit and Van Hoof, Chris and Konijnenburg, Mario and Helleputte, Nick},
  journal={IEEE transactions on biomedical circuits and systems},
  volume={13},
  number={2},
  pages={282--291},
  year={2019},
  publisher={IEEE},
  doi =  {10.1109/TBCAS.2019.2892297}
}

@article{bergstra2012random,
  title={Random search for hyper-parameter optimization},
  author={Bergstra, James and Bengio, Yoshua},
  journal={The Journal of Machine Learning Research},
  volume={13},
  number={1},
  pages={281--305},
  year={2012},
  publisher={JMLR. org}
}

@article{pretorius2007development,
  title={Development of a mental workload index: A systems approach},
  author={Pretorius, A and Cilliers, PJ},
  journal={Ergonomics},
  volume={50},
  number={9},
  pages={1503--1515},
  year={2007},
  publisher={Taylor \& Francis},
  doi = {10.1080/00140130701379055}
}

@article{shuggi2017mental,
  title={Mental workload and motor performance dynamics during practice of reaching movements under various levels of task difficulty},
  author={Shuggi, Isabelle M and Oh, Hyuk and Shewokis, Patricia A and Gentili, Rodolphe J},
  journal={Neuroscience},
  volume={360},
  pages={166--179},
  year={2017},
  publisher={Elsevier},
  doi = {10.1016/j.neuroscience.2017.07.048}
}

@book{de1996measurement,
  title={The measurement of drivers' mental workload},
  author={de Waard, Dick and te Groningen, Rijksuniversiteit},
  year={1996},
  publisher={Groningen University, Traffic Research Center Netherlands}
}

@article{hart2006nasa,
  title={NASA-task load index (NASA-TLX); 20 years later},
  author={Hart, Sandra G},
  booktitle={Proceedings of the human factors and ergonomics society annual meeting},
  volume={50},
  number={9},
  pages={904--908},
  year={2006},
  organization={Sage publications Sage CA: Los Angeles, CA},
  doi = {10.1177/ 154193120605000909}
}

@article{kothe2018lab,
  title={Lab Streaming Layer (2014)},
  author={Kothe, C and Medine, D and Grivich, M},
  journal={URL: https://github. com /sccn /labstreaminglayer (visited on 02/01/2019)},
  year={2018}
}

@article{paszke2017automatic,
  title={Automatic differentiation in PyTorch},
  author={Paszke, Adam and Gross, Sam and Chintala, Soumith and Chanan, Gregory and Yang, Edward and DeVito, Zachary and Lin, Zeming and Desmaison, Alban and Antiga, Luca and Lerer, Adam},
  year={2017}
}

@misc{daid2016empty,
  author = {Daid and Nallath},
  title = {Empty Epsilon multiplayer spaceship bridge simulation},
  year = {2016},
  publisher = {GitHub},
  journal = {GitHub repository},
  howpublished = {URL: https://github.com /daid/EmptyEpsilon},
  commit = {4f57d6a0e4c030202a07a60bc1bb1ed1544bf679}
}

@article{schirrmeister2017deep,
  title={Deep learning with convolutional neural networks for EEG decoding and visualization},
  author={Schirrmeister, Robin Tibor and Springenberg, Jost Tobias and Fiederer, Lukas Dominique Josef and Glasstetter, Martin and Eggensperger, Katharina and Tangermann, Michael and Hutter, Frank and Burgard, Wolfram and Ball, Tonio},
  journal={Human brain mapping},
  volume={38},
  number={11},
  pages={5391--5420},
  year={2017},
  publisher={Wiley Online Library},
  doi = {10.1002/hbm.23730}
}

@article{shi2007galvanic,
  title={Galvanic skin response (GSR) as an index of cognitive load},
  author={Shi, Yu and Ruiz, Natalie and Taib, Ronnie and Choi, Eric and Chen, Fang},
  booktitle={CHI'07 extended abstracts on Human factors in computing systems},
  pages={2651--2656},
  year={2007},
  doi = {10.1145/1240866.1241057}
}

@article{sun2019hybrid,
  title={Hybrid spatiotemporal models for sentiment classification via galvanic skin response},
  author={Sun, Xiao and Hong, Tao and Li, Changliang and Ren, Fuji},
  journal={Neurocomputing},
  volume={358},
  pages={385--400},
  year={2019},
  publisher={Elsevier},
  doi = {10.1016/j.neucom.2019.05.061}
}

@article{dolmans2020perceived,
  title={Percieved Mental Workload detection using intermediate fusion multi-modal networks. Manuscript submitted for publication},
  author={Dolmans, Tenzing and Poel, Mannes and van 't Klooster, Jan-Willem and Veldkamp, Bernard},
  year={2020},
  doi = {10.3389/fnhum.2020.609096}
}

@article{zhang2018evaluating,
  title={Evaluating photoplethysmogram as a real-time cognitive load assessment during game playing},
  author={Zhang, Xiao and Lyu, Yongqiang and Hu, Xin and Hu, Ziyue and Shi, Yuanchun and Yin, Hao},
  journal={International Journal of Human--Computer Interaction},
  volume={34},
  number={8},
  pages={695--706},
  year={2018},
  publisher={Taylor \& Francis},
  doi = {10.1080/10447318.2018.1461763}
}

@article{craik2019deep,
  title={Deep learning for electroencephalogram (EEG) classification tasks: a review},
  author={Craik, Alexander and He, Yongtian and Contreras-Vidal, Jose L},
  journal={Journal of neural engineering},
  volume={16},
  number={3},
  pages={031001},
  year={2019},
  publisher={IOP Publishing},
  doi = {10.1088/1741-2552/ab0ab5}
}

@article{young2015state,
  title={State of science: mental workload in ergonomics},
  author={Young, Mark S and Brookhuis, Karel A and Wickens, Christopher D and Hancock, Peter A},
  journal={Ergonomics},
  volume={58},
  number={1},
  pages={1--17},
  year={2015},
  publisher={Taylor \& Francis},
  doi = {10.1080/00140139.2014.956151}
}

@article{ramachandram2017deep,
  title={Deep multimodal learning: A survey on recent advances and trends},
  author={Ramachandram, Dhanesh and Taylor, Graham W},
  journal={IEEE Signal Processing Magazine},
  volume={34},
  number={6},
  pages={96--108},
  year={2017},
  publisher={IEEE},
  doi = {10.1109/MSP.2017.2738401}
}

@article{tabar2016novel,
  title={A novel deep learning approach for classification of EEG motor imagery signals},
  author={Tabar, Yousef Rezaei and Halici, Ugur},
  journal={Journal of neural engineering},
  volume={14},
  number={1},
  pages={016003},
  year={2016},
  publisher={IOP Publishing}
}

@article{ioffe2015batch,
  title={Batch normalization: Accelerating deep network training by reducing internal covariate shift},
  author={Ioffe, Sergey and Szegedy, Christian},
  journal={arXiv preprint arXiv:1502.03167},
  year={2015}
}

@article{lecun2015deep,
  title={Deep learning},
  author={LeCun, Yann and Bengio, Yoshua and Hinton, Geoffrey},
  journal={nature},
  volume={521},
  number={7553},
  pages={436--444},
  year={2015},
  publisher={Nature Publishing Group},
  doi = {10.1038/ nature14539}
}

@article{akiba2019optuna,
  title={Optuna: A next-generation hyperparameter optimization framework},
  author={Akiba, Takuya and Sano, Shotaro and Yanase, Toshihiko and Ohta, Takeru and Koyama, Masanori},
  booktitle={Proceedings of the 25th ACM SIGKDD International Conference on Knowledge Discovery \& Data Mining},
  pages={2623--2631},
  year={2019},
  doi = {10.1145/3292500.3330701}
}

@misc{shimmer, 
title={Shimmer3 GSR Unit}, 
howpublished={Retrieved from: https://www.shimmersensing.com/products/shimmer3-wireless-gsr-sensor}, 
year={n.d.},
author={Shimmer-research}
}

@article{rastgoo2019automatic,
  title={Automatic driver stress level classification using multimodal deep learning},
  author={Rastgoo, Mohammad Naim and Nakisa, Bahareh and Maire, Frederic and Rakotonirainy, Andry and Chandran, Vinod},
  journal={Expert Systems with Applications},
  volume={138},
  pages={112793},
  year={2019},
  publisher={Elsevier},
  doi = {10.1016/j.eswa.2019.07.010}
}

@article{han2020classification,
  title={Classification of pilotsâ€™ mental states using a multimodal deep learning network},
  author={Han, Soo-Yeon and Kwak, No-Sang and Oh, Taegeun and Lee, Seong-Whan},
  journal={Biocybernetics and Biomedical Engineering},
  volume={40},
  number={1},
  pages={324--336},
  year={2020},
  publisher={Elsevier},
  doi = {10.1016/ j.bbe.2019.12.002}
}

@misc{muse,
title={Muse 2 Brainwave Activity Headband},
author={Muse-incorperation},
year={n.d.},
howpublished={Retrieved from: https://choosemuse.com/muse-2/}
}

@article{fujita2019evaluation,
  title={Evaluation of the possible use of PPG waveform features measured at low sampling rate},
  author={Fujita, Daisuke and Suzuki, Arata},
  journal={IEEE Access},
  volume={7},
  pages={58361--58367},
  year={2019},
  publisher={IEEE},
  doi = {10.1109/ACCESS.2019.2914498}
}

@article{weiergraeber2016sampling,
  title={Sampling rate, signal bandwidth and related pitfalls in EEG analysis},
  author={Weiergraeber, Marco and Papazoglou, Anna and Broich, Karl and Mueller, Ralf},
  journal={Journal of neuroscience methods},
  volume={268},
  pages={53--55},
  year={2016},
  publisher={Elsevier},
  doi = {10.1016/j.jneumeth.2016.05.010}
}


@article{gunawardana2009survey,
  title={A survey of accuracy evaluation metrics of recommendation tasks.},
  author={Gunawardana, Asela and Shani, Guy},
  journal={Journal of Machine Learning Research},
  volume={10},
  number={12},
  year={2009}
}

@article{hogervorst2014combining,
  title={Combining and comparing EEG, peripheral physiology and eye-related measures for the assessment of mental workload},
  author={Hogervorst, Maarten A and Brouwer, Anne-Marie and Van Erp, Jan BF},
  journal={Frontiers in neuroscience},
  volume={8},
  pages={322},
  year={2014},
  publisher={Frontiers},
  doi = {10.3389/ fnins.2014.00322}
}

@article{nourbakhsh2012using,
  title={Using galvanic skin response for cognitive load measurement in arithmetic and reading tasks},
  author={Nourbakhsh, Nargess and Wang, Yang and Chen, Fang and Calvo, Rafael A},
  booktitle={Proceedings of the 24th Australian Computer-Human Interaction Conference},
  pages={420--423},
  year={2012},
  doi = {10.1145/2414536.2414602}
}

@article{berka2005evaluation,
  title={Evaluation of an EEG workload model in an Aegis simulation environment},
  author={Berka, Chris and Levendowski, Daniel J and Ramsey, Caitlin K and Davis, Gene and Lumicao, Michelle N and Stanney, Kay and Reeves, Leah and Regli, Susan Harkness and Tremoulet, Patrice D and Stibler, Kathleen},
  booktitle={Biomonitoring for Physiological and Cognitive Performance during Military Operations},
  volume={5797},
  pages={90--99},
  year={2005},
  organization={International Society for Optics and Photonics},
  doi = {10.1117/12.598555}
}

@article{zhou2015dynamic,
  title={Dynamic workload adjustments in human-machine systems based on GSR features},
  author={Zhou, Jianlong and Jung, Ju Young and Chen, Fang},
  booktitle={IFIP Conference on Human-Computer Interaction},
  pages={550--558},
  year={2015},
  organization={Springer}
}

@article{jimenez2018using,
  title={Using psychophysiological sensors to assess mental workload during web browsing},
  author={Jimenez-Molina, Angel and Retamal, Cristian and Lira, Hernan},
  journal={Sensors},
  volume={18},
  number={2},
  pages={458},
  year={2018},
  publisher={Multidisciplinary Digital Publishing Institute},
  doi = {10.3390/s18020458}
}

@article{yin2017recognition,
  title={Recognition of emotions using multimodal physiological signals and an ensemble deep learning model},
  author={Yin, Zhong and Zhao, Mengyuan and Wang, Yongxiong and Yang, Jingdong and Zhang, Jianhua},
  journal={Computer methods and programs in biomedicine},
  volume={140},
  pages={93--110},
  year={2017},
  publisher={Elsevier},
  doi = {10.1016/j.cmpb.2016.12.005}
}

@article{lever2016points,
  title={Points of significance: model selection and overfitting},
  author={Lever, Jake and Krzywinski, Martin and Altman, Naomi},
  year={2016},
  publisher={Nature Publishing Group}
}

@article{srivastava2014dropout,
  title={Dropout: a simple way to prevent neural networks from overfitting},
  author={Srivastava, Nitish and Hinton, Geoffrey and Krizhevsky, Alex and Sutskever, Ilya and Salakhutdinov, Ruslan},
  journal={The journal of machine learning research},
  volume={15},
  number={1},
  pages={1929--1958},
  year={2014},
  publisher={JMLR. org}
}

@article{feng2019using,
  title={Using deep neural network with small dataset to predict material defects},
  author={Feng, Shuo and Zhou, Huiyu and Dong, Hongbiao},
  journal={Materials \& Design},
  volume={162},
  pages={300--310},
  year={2019},
  publisher={Elsevier},
  doi = {10.1016/j.matdes.2018.11.060}
}

@book{aggarwal2018neural,
  title={Neural networks and deep learning},
  author={Aggarwal, Charu},
  journal={Springer},
  volume={10},
  pages={978--3},
  year={2018},
  publisher={Springer}
}

@article{lemay2014application,
  title={Application of optical heart rate monitoring},
  author={Lemay, Mathieu and Bertschi, Mattia and Sola, Josep and Renevey, Philippe and Parak, Jakub and Korhonen, Ilkka},
  booktitle={Wearable Sensors},
  pages={105--129},
  year={2014},
  publisher={Elsevier},
  doi = {10.1016/B978-0-12-418662-0.00023-4}
}