@article{biswas2019cornet,
  title={CorNET: Deep learning framework for PPG-based heart rate estimation and biometric identification in ambulant environment},
  author={Biswas, Dwaipayan and Everson, Luke and Liu, Muqing and Panwar, Madhuri and Verhoef, Bram-Ernst and Patki, Shrishail and Kim, Chris H and Acharyya, Amit and Van Hoof, Chris and Konijnenburg, Mario and others},
  journal={IEEE transactions on biomedical circuits and systems},
  volume={13},
  number={2},
  pages={282--291},
  year={2019},
  publisher={IEEE}
}

@article{pretorius2007development,
  title={Development of a mental workload index: A systems approach},
  author={Pretorius, A and Cilliers, PJ},
  journal={Ergonomics},
  volume={50},
  number={9},
  pages={1503--1515},
  year={2007},
  publisher={Taylor \& Francis}
}

@article{shuggi2017mental,
  title={Mental workload and motor performance dynamics during practice of reaching movements under various levels of task difficulty},
  author={Shuggi, Isabelle M and Oh, Hyuk and Shewokis, Patricia A and Gentili, Rodolphe J},
  journal={Neuroscience},
  volume={360},
  pages={166--179},
  year={2017},
  publisher={Elsevier}
}

@book{de1996measurement,
  title={The measurement of drivers' mental workload},
  author={De Waard, Dick and te Groningen, Rijksuniversiteit},
  year={1996},
  publisher={Groningen University, Traffic Research Center Netherlands}
}

@inproceedings{hart2006nasa,
  title={NASA-task load index (NASA-TLX); 20 years later},
  author={Hart, Sandra G},
  booktitle={Proceedings of the human factors and ergonomics society annual meeting},
  volume={50},
  number={9},
  pages={904--908},
  year={2006},
  organization={Sage publications Sage CA: Los Angeles, CA}
}

@article{mahtani2018catalogue,
  title={Catalogue of bias: observer bias},
  author={Mahtani, Kamal and Spencer, Elizabeth A and Brassey, Jon and Heneghan, Carl},
  journal={BMJ Evidence-Based Medicine},
  volume={23},
  number={1},
  pages={23},
  year={2018},
  publisher={BMJ Publishing Group Ltd}
}

@article{kothe2018lab,
  title={Lab Streaming Layer (2014)},
  author={Kothe, C and Medine, D and Grivich, M},
  journal={URL: https://github. com/sccn/labstreaminglayer (visited on 02/01/2019)},
  year={2018}
}

@article{paszke2017automatic,
  title={Automatic differentiation in PyTorch},
  author={Paszke, Adam and Gross, Sam and Chintala, Soumith and Chanan, Gregory and Yang, Edward and DeVito, Zachary and Lin, Zeming and Desmaison, Alban and Antiga, Luca and Lerer, Adam},
  year={2017}
}

@misc{daid2016empty,
  author = {Daid and Nallath},
  title = {Empty Epsilon multiplayer spaceship bridge simulation},
  year = {2016},
  publisher = {GitHub},
  journal = {GitHub repository},
  howpublished = {URL: https://github.com/daid/EmptyEpsilon},
  commit = {4f57d6a0e4c030202a07a60bc1bb1ed1544bf679}
}

@article{schirrmeister2017deep,
  title={Deep learning with convolutional neural networks for EEG decoding and visualization},
  author={Schirrmeister, Robin Tibor and Springenberg, Jost Tobias and Fiederer, Lukas Dominique Josef and Glasstetter, Martin and Eggensperger, Katharina and Tangermann, Michael and Hutter, Frank and Burgard, Wolfram and Ball, Tonio},
  journal={Human brain mapping},
  volume={38},
  number={11},
  pages={5391--5420},
  year={2017},
  publisher={Wiley Online Library}
}

@inproceedings{shi2007galvanic,
  title={Galvanic skin response (GSR) as an index of cognitive load},
  author={Shi, Yu and Ruiz, Natalie and Taib, Ronnie and Choi, Eric and Chen, Fang},
  booktitle={CHI'07 extended abstracts on Human factors in computing systems},
  pages={2651--2656},
  year={2007}
}

@article{sun2019hybrid,
  title={Hybrid spatiotemporal models for sentiment classification via galvanic skin response},
  author={Sun, Xiao and Hong, Tao and Li, Changliang and Ren, Fuji},
  journal={Neurocomputing},
  volume={358},
  pages={385--400},
  year={2019},
  publisher={Elsevier}
}

@article{dolmans2020perceived,
  title={Percieved Mental Workload detection using intermediate fusion multi-modal networks},
  author={Dolmans, Tenzing and Poel, Mannes and van 't Klooster, Jan-Willem and Veldkamp, Bernard},
  year={in press},
}

@article{zhang2018evaluating,
  title={Evaluating photoplethysmogram as a real-time cognitive load assessment during game playing},
  author={Zhang, Xiao and Lyu, Yongqiang and Hu, Xin and Hu, Ziyue and Shi, Yuanchun and Yin, Hao},
  journal={International Journal of Human--Computer Interaction},
  volume={34},
  number={8},
  pages={695--706},
  year={2018},
  publisher={Taylor \& Francis}
}

@article{craik2019deep,
  title={Deep learning for electroencephalogram (EEG) classification tasks: a review},
  author={Craik, Alexander and He, Yongtian and Contreras-Vidal, Jose L},
  journal={Journal of neural engineering},
  volume={16},
  number={3},
  pages={031001},
  year={2019},
  publisher={IOP Publishing}
}

@article{young2015state,
  title={State of science: mental workload in ergonomics},
  author={Young, Mark S and Brookhuis, Karel A and Wickens, Christopher D and Hancock, Peter A},
  journal={Ergonomics},
  volume={58},
  number={1},
  pages={1--17},
  year={2015},
  publisher={Taylor \& Francis}
}

@article{ramachandram2017deep,
  title={Deep multimodal learning: A survey on recent advances and trends},
  author={Ramachandram, Dhanesh and Taylor, Graham W},
  journal={IEEE Signal Processing Magazine},
  volume={34},
  number={6},
  pages={96--108},
  year={2017},
  publisher={IEEE}
}